<record><leader>00000cas a2200000 a 4500</leader><controlfield tag="001">17436724</controlfield><controlfield tag="008">880205d19882002vauwr ne      0   a0eng c</controlfield><datafield ind1=" " ind2=" " tag="010"><subfield code="a">sn 91013151 </subfield></datafield><datafield ind1=" " ind2=" " tag="040"><subfield code="a">VA@</subfield><subfield code="b">eng</subfield><subfield code="c">VA@</subfield><subfield code="d">NST</subfield><subfield code="d">NVK</subfield><subfield code="d">OCL</subfield><subfield code="d">NVK</subfield><subfield code="d">OCLCQ</subfield><subfield code="d">OCLCF</subfield><subfield code="d">OCLCO</subfield></datafield><datafield ind1=" " ind2=" " tag="012"><subfield code="i">9102</subfield></datafield><datafield ind1=" " ind2=" " tag="022"><subfield code="a">0883-6868</subfield><subfield code="l">0883-6868</subfield></datafield><datafield ind1="1" ind2=" " tag="029"><subfield code="a">AU@</subfield><subfield code="b">000020636952</subfield></datafield><datafield ind1=" " ind2=" " tag="042"><subfield code="a">pcc</subfield></datafield><datafield ind1=" " ind2=" " tag="043"><subfield code="a">n-us-va</subfield></datafield><datafield ind1=" " ind2=" " tag="090"><subfield code="a">S1</subfield><subfield code="b">.F25</subfield></datafield><datafield ind1="0" ind2="0" tag="245"><subfield code="a">Farm chronicle.</subfield></datafield><datafield ind1=" " ind2=" " tag="260"><subfield code="a">Culpeper, Va. :</subfield><subfield code="b">Lee Newspapers,</subfield><subfield code="c">1988-2002.</subfield></datafield><datafield ind1=" " ind2=" " tag="300"><subfield code="a">v. :</subfield><subfield code="b">ill. ;</subfield><subfield code="c">39 cm.</subfield></datafield><datafield ind1=" " ind2=" " tag="310"><subfield code="a">Weekly</subfield></datafield><datafield ind1="0" ind2=" " tag="362"><subfield code="a">Vol. 7, no. 1 (Jan. 2, 1988)-v. 21, no. 52 (Dec. 30, 2002).</subfield></datafield><datafield ind1=" " ind2=" " tag="500"><subfield code="a">"The weekly voice of farming in Virginia-With a lot of today, tomorrow and some of yesterday."</subfield></datafield><datafield ind1=" " ind2=" " tag="530"><subfield code="a">Available on microfilm from the Library of Virginia.</subfield></datafield><datafield ind1=" " ind2="0" tag="650"><subfield code="a">Agriculture</subfield><subfield code="z">Virginia</subfield><subfield code="v">Newspapers.</subfield></datafield><datafield ind1=" " ind2="0" tag="651"><subfield code="a">Culpeper (Va.)</subfield><subfield code="v">Newspapers.</subfield></datafield><datafield ind1=" " ind2="7" tag="655"><subfield code="a">Newspapers.</subfield><subfield code="2">fast</subfield><subfield code="0">(OCoLC)fst01423814</subfield></datafield><datafield ind1=" " ind2="7" tag="650"><subfield code="a">Agriculture.</subfield><subfield code="2">fast</subfield><subfield code="0">(OCoLC)fst00801355</subfield></datafield><datafield ind1=" " ind2="7" tag="651"><subfield code="a">Virginia.</subfield><subfield code="2">fast</subfield><subfield code="0">(OCoLC)fst01204597</subfield></datafield><datafield ind1=" " ind2="7" tag="651"><subfield code="a">Virginia</subfield><subfield code="z">Culpeper.</subfield><subfield code="2">fast</subfield><subfield code="0">(OCoLC)fst01214679</subfield></datafield><datafield ind1=" " ind2=" " tag="752"><subfield code="a">United States</subfield><subfield code="b">Virginia</subfield><subfield code="c">Culpeper</subfield><subfield code="d">Culpeper.</subfield></datafield><datafield ind1="0" ind2="0" tag="780"><subfield code="t">Farm &amp; country chronicle</subfield><subfield code="w">(DLC)sn 87003641</subfield><subfield code="w">(OCoLC)16946057</subfield></datafield><datafield ind1="0" ind2="0" tag="785"><subfield code="t">Mid-Atlantic country folks farm chronicle.</subfield><subfield code="w">(DLC)sn 2003-61702</subfield></datafield><datafield ind1=" " ind2=" " tag="850"><subfield code="a">ViU</subfield></datafield></record>